{
    "symbol": "IBM",
    "annualReports": [
        {
            "fiscalDateEnding": "2020-12-31",
            "reportedCurrency": "USD",
            "totalRevenue": "73620000000",
            "totalOperatingExpense": "66834000000",
            "costOfRevenue": "38045000000",
            "grossProfit": "35575000000",
            "ebit": "12620000000",
            "netIncome": "5590000000",
            "researchAndDevelopment": "6333000000",
            "effectOfAccountingCharges": "None",
            "incomeBeforeTax": "4637000000",
            "minorityInterest": "129000000",
            "sellingGeneralAdministrative": "23082000000",
            "otherNonOperatingIncome": "None",
            "operatingIncome": "6786000000",
            "otherOperatingExpense": "-626000000",
            "interestExpense": "1288000000",
            "taxProvision": "-864000000",
            "interestIncome": "None",
            "netInterestIncome": "-1288000000",
            "extraordinaryItems": "-21000000",
            "nonRecurring": "None",
            "otherItems": "None",
            "incomeTaxExpense": "-864000000",
            "totalOtherIncomeExpense": "-861000000",
            "discontinuedOperations": "89000000",
            "netIncomeFromContinuingOperations": "5501000000",
            "netIncomeApplicableToCommonShares": "5590000000",
            "preferredStockAndOtherAdjustments": "None"
        },
        {
            "fiscalDateEnding": "2019-12-31",
            "reportedCurrency": "USD",
            "totalRevenue": "77147000000",
            "totalOperatingExpense": "25945000000",
            "costOfRevenue": "40659000000",
            "grossProfit": "36488000000",
            "ebit": "11511000000",
            "netIncome": "9431000000",
            "researchAndDevelopment": "5989000000",
            "effectOfAccountingCharges": "None",
            "incomeBeforeTax": "10166000000",
            "minorityInterest": "144000000",
            "sellingGeneralAdministrative": "19956000000",
            "otherNonOperatingIncome": "968000000",
            "operatingIncome": "10543000000",
            "otherOperatingExpense": "-614000000",
            "interestExpense": "1344000000",
            "taxProvision": "731000000",
            "interestIncome": "349000000",
            "netInterestIncome": "-995000000",
            "extraordinaryItems": "-150000000",
            "nonRecurring": "None",
            "otherItems": "None",
            "incomeTaxExpense": "731000000",
            "totalOtherIncomeExpense": "529000000",
            "discontinuedOperations": "-4000000",
            "netIncomeFromContinuingOperations": "9435000000",
            "netIncomeApplicableToCommonShares": "9431000000",
            "preferredStockAndOtherAdjustments": "None"
        },
        {
            "fiscalDateEnding": "2018-12-31",
            "reportedCurrency": "USD",
            "totalRevenue": "79591000000",
            "totalOperatingExpense": "23719000000",
            "costOfRevenue": "42655000000",
            "grossProfit": "36936000000",
            "ebit": "12065000000",
            "netIncome": "8728000000",
            "researchAndDevelopment": "5379000000",
            "effectOfAccountingCharges": "None",
            "incomeBeforeTax": "11342000000",
            "minorityInterest": "134000000",
            "sellingGeneralAdministrative": "18340000000",
            "otherNonOperatingIncome": "-1152000000",
            "operatingIncome": "13217000000",
            "otherOperatingExpense": "-998000000",
            "interestExpense": "723000000",
            "taxProvision": "2619000000",
            "interestIncome": "264000000",
            "netInterestIncome": "-459000000",
            "extraordinaryItems": "-2032000000",
            "nonRecurring": "None",
            "otherItems": "None",
            "incomeTaxExpense": "2619000000",
            "totalOtherIncomeExpense": "-1482000000",
            "discontinuedOperations": "5000000",
            "netIncomeFromContinuingOperations": "8723000000",
            "netIncomeApplicableToCommonShares": "8728000000",
            "preferredStockAndOtherAdjustments": "None"
        },
        {
            "fiscalDateEnding": "2017-12-31",
            "reportedCurrency": "USD",
            "totalRevenue": "79139000000",
            "totalOperatingExpense": "24428000000",
            "costOfRevenue": "42913000000",
            "grossProfit": "36227000000",
            "ebit": "12015000000",
            "netIncome": "5753000000",
            "researchAndDevelopment": "5787000000",
            "effectOfAccountingCharges": "None",
            "incomeBeforeTax": "11400000000",
            "minorityInterest": "131000000",
            "sellingGeneralAdministrative": "18641000000",
            "otherNonOperatingIncome": "216000000",
            "operatingIncome": "11799000000",
            "otherOperatingExpense": "-1466000000",
            "interestExpense": "615000000",
            "taxProvision": "5642000000",
            "interestIncome": "144000000",
            "netInterestIncome": "-471000000",
            "extraordinaryItems": "-5480000000",
            "nonRecurring": "None",
            "otherItems": "None",
            "incomeTaxExpense": "5642000000",
            "totalOtherIncomeExpense": "17000000",
            "discontinuedOperations": "-5000000",
            "netIncomeFromContinuingOperations": "5758000000",
            "netIncomeApplicableToCommonShares": "5753000000",
            "preferredStockAndOtherAdjustments": "None"
        },
        {
            "fiscalDateEnding": "2016-12-31",
            "reportedCurrency": "USD",
            "totalRevenue": "79919000000",
            "totalOperatingExpense": "25189000000",
            "costOfRevenue": "41625000000",
            "grossProfit": "38294000000",
            "ebit": "12960000000",
            "netIncome": "11872000000",
            "researchAndDevelopment": "5751000000",
            "effectOfAccountingCharges": "None",
            "incomeBeforeTax": "12330000000",
            "minorityInterest": "146000000",
            "sellingGeneralAdministrative": "19438000000",
            "otherNonOperatingIncome": "-145000000",
            "operatingIncome": "13105000000",
            "otherOperatingExpense": "-1604000000",
            "interestExpense": "630000000",
            "taxProvision": "449000000",
            "interestIncome": "108000000",
            "netInterestIncome": "-522000000",
            "extraordinaryItems": "-9000000",
            "nonRecurring": "None",
            "otherItems": "None",
            "incomeTaxExpense": "449000000",
            "totalOtherIncomeExpense": "-339000000",
            "discontinuedOperations": "-9000000",
            "netIncomeFromContinuingOperations": "11881000000",
            "netIncomeApplicableToCommonShares": "11872000000",
            "preferredStockAndOtherAdjustments": "None"
        }
    ],
    "quarterlyReports": [
        {
            "fiscalDateEnding": "2020-12-31",
            "reportedCurrency": "USD",
            "totalRevenue": "20368000000",
            "totalOperatingExpense": "18514000000",
            "costOfRevenue": "9844000000",
            "grossProfit": "10523000000",
            "ebit": "3305000000",
            "netIncome": "1356000000",
            "researchAndDevelopment": "1611000000",
            "effectOfAccountingCharges": "None",
            "incomeBeforeTax": "1289000000",
            "minorityInterest": "129000000",
            "sellingGeneralAdministrative": "7232000000",
            "otherNonOperatingIncome": "None",
            "operatingIncome": "1853000000",
            "otherOperatingExpense": "-173000000",
            "interestExpense": "317000000",
            "taxProvision": "25000000",
            "interestIncome": "None",
            "netInterestIncome": "-317000000",
            "extraordinaryItems": "110000000",
            "nonRecurring": "None",
            "otherItems": "None",
            "incomeTaxExpense": "25000000",
            "totalOtherIncomeExpense": "-247000000",
            "discontinuedOperations": "92000000",
            "netIncomeFromContinuingOperations": "1264000000",
            "netIncomeApplicableToCommonShares": "1356000000",
            "preferredStockAndOtherAdjustments": "None"
        },
        {
            "fiscalDateEnding": "2020-09-30",
            "reportedCurrency": "USD",
            "totalRevenue": "17561000000",
            "totalOperatingExpense": "6028000000",
            "costOfRevenue": "9130000000",
            "grossProfit": "8430000000",
            "ebit": "3835000000",
            "netIncome": "1698000000",
            "researchAndDevelopment": "1515000000",
            "effectOfAccountingCharges": "None",
            "incomeBeforeTax": "1827000000",
            "minorityInterest": "126000000",
            "sellingGeneralAdministrative": "4372000000",
            "otherNonOperatingIncome": "-253000000",
            "operatingIncome": "2402000000",
            "otherOperatingExpense": "-123000000",
            "interestExpense": "323000000",
            "taxProvision": "149000000",
            "interestIncome": "15000000",
            "netInterestIncome": "-308000000",
            "extraordinaryItems": "20000000",
            "nonRecurring": "None",
            "otherItems": "None",
            "incomeTaxExpense": "128000000",
            "totalOtherIncomeExpense": "-268000000",
            "discontinuedOperations": "-1000000",
            "netIncomeFromContinuingOperations": "1699000000",
            "netIncomeApplicableToCommonShares": "1698000000",
            "preferredStockAndOtherAdjustments": "None"
        },
        {
            "fiscalDateEnding": "2020-06-30",
            "reportedCurrency": "USD",
            "totalRevenue": "18123000000",
            "totalOperatingExpense": "6627000000",
            "costOfRevenue": "9423000000",
            "grossProfit": "8700000000",
            "ebit": "3543000000",
            "netIncome": "1361000000",
            "researchAndDevelopment": "1582000000",
            "effectOfAccountingCharges": "None",
            "incomeBeforeTax": "1571000000",
            "minorityInterest": "137000000",
            "sellingGeneralAdministrative": "4894000000",
            "otherNonOperatingIncome": "-179000000",
            "operatingIncome": "2073000000",
            "otherOperatingExpense": "-202000000",
            "interestExpense": "323000000",
            "taxProvision": "209000000",
            "interestIncome": "23000000",
            "netInterestIncome": "-300000000",
            "extraordinaryItems": "-1000000",
            "nonRecurring": "None",
            "otherItems": "None",
            "incomeTaxExpense": "209000000",
            "totalOtherIncomeExpense": "-200000000",
            "discontinuedOperations": "-1000000",
            "netIncomeFromContinuingOperations": "1362000000",
            "netIncomeApplicableToCommonShares": "1361000000",
            "preferredStockAndOtherAdjustments": "None"
        },
        {
            "fiscalDateEnding": "2020-03-31",
            "reportedCurrency": "USD",
            "totalRevenue": "17570000000",
            "totalOperatingExpense": "7464000000",
            "costOfRevenue": "9649000000",
            "grossProfit": "7922000000",
            "ebit": "1881000000",
            "netIncome": "1175000000",
            "researchAndDevelopment": "1625000000",
            "effectOfAccountingCharges": "None",
            "incomeBeforeTax": "-49000000",
            "minorityInterest": "129000000",
            "sellingGeneralAdministrative": "5614000000",
            "otherNonOperatingIncome": "-182000000",
            "operatingIncome": "458000000",
            "otherOperatingExpense": "-116000000",
            "interestExpense": "326000000",
            "taxProvision": "-1226000000",
            "interestIncome": "51000000",
            "netInterestIncome": "-275000000",
            "extraordinaryItems": "-150000000",
            "nonRecurring": "None",
            "otherItems": "None",
            "incomeTaxExpense": "-1226000000",
            "totalOtherIncomeExpense": "-234000000",
            "discontinuedOperations": "-1000000",
            "netIncomeFromContinuingOperations": "1177000000",
            "netIncomeApplicableToCommonShares": "1175000000",
            "preferredStockAndOtherAdjustments": "None"
        },
        {
            "fiscalDateEnding": "2019-12-31",
            "reportedCurrency": "USD",
            "totalRevenue": "21777000000",
            "totalOperatingExpense": "17511000000",
            "costOfRevenue": "10677000000",
            "grossProfit": "11100000000",
            "ebit": "6005000000",
            "netIncome": "3670000000",
            "researchAndDevelopment": "1596000000",
            "effectOfAccountingCharges": "None",
            "incomeBeforeTax": "3993000000",
            "minorityInterest": "144000000",
            "sellingGeneralAdministrative": "5103000000",
            "otherNonOperatingIncome": "None",
            "operatingIncome": "3993000000",
            "otherOperatingExpense": "-153000000",
            "interestExpense": "215000000",
            "taxProvision": "338000000",
            "interestIncome": "48000000",
            "netInterestIncome": "-306000000",
            "extraordinaryItems": "15000000",
            "nonRecurring": "None",
            "otherItems": "None",
            "incomeTaxExpense": "324000000",
            "totalOtherIncomeExpense": "30000000",
            "discontinuedOperations": "1000000",
            "netIncomeFromContinuingOperations": "3669000000",
            "netIncomeApplicableToCommonShares": "3670000000",
            "preferredStockAndOtherAdjustments": "None"
        },
        {
            "fiscalDateEnding": "2019-09-30",
            "reportedCurrency": "USD",
            "totalRevenue": "18027000000",
            "totalOperatingExpense": "16090000000",
            "costOfRevenue": "9692000000",
            "grossProfit": "8336000000",
            "ebit": "3598000000",
            "netIncome": "1672000000",
            "researchAndDevelopment": "1553000000",
            "effectOfAccountingCharges": "None",
            "incomeBeforeTax": "1522000000",
            "minorityInterest": "139000000",
            "sellingGeneralAdministrative": "4735000000",
            "otherNonOperatingIncome": "None",
            "operatingIncome": "1523000000",
            "otherOperatingExpense": "-155000000",
            "interestExpense": "321000000",
            "taxProvision": "-156000000",
            "interestIncome": "63000000",
            "netInterestIncome": "-369000000",
            "extraordinaryItems": "-6000000",
            "nonRecurring": "None",
            "otherItems": "None",
            "incomeTaxExpense": "-151000000",
            "totalOtherIncomeExpense": "-46000000",
            "discontinuedOperations": "-1000000",
            "netIncomeFromContinuingOperations": "1673000000",
            "netIncomeApplicableToCommonShares": "1672000000",
            "preferredStockAndOtherAdjustments": "None"
        },
        {
            "fiscalDateEnding": "2019-06-30",
            "reportedCurrency": "USD",
            "totalRevenue": "19161000000",
            "totalOperatingExpense": "16775000000",
            "costOfRevenue": "10151000000",
            "grossProfit": "9010000000",
            "ebit": "4309000000",
            "netIncome": "2498000000",
            "researchAndDevelopment": "1407000000",
            "effectOfAccountingCharges": "None",
            "incomeBeforeTax": "2768000000",
            "minorityInterest": "131000000",
            "sellingGeneralAdministrative": "5344000000",
            "otherNonOperatingIncome": "None",
            "operatingIncome": "2768000000",
            "otherOperatingExpense": "-206000000",
            "interestExpense": "273000000",
            "taxProvision": "255000000",
            "interestIncome": "167000000",
            "netInterestIncome": "-181000000",
            "extraordinaryItems": "-15000000",
            "nonRecurring": "None",
            "otherItems": "None",
            "incomeTaxExpense": "269000000",
            "totalOtherIncomeExpense": "562000000",
            "discontinuedOperations": "-1000000",
            "netIncomeFromContinuingOperations": "2499000000",
            "netIncomeApplicableToCommonShares": "2498000000",
            "preferredStockAndOtherAdjustments": "None"
        },
        {
            "fiscalDateEnding": "2019-03-31",
            "reportedCurrency": "USD",
            "totalRevenue": "18181000000",
            "totalOperatingExpense": "6023000000",
            "costOfRevenue": "10139000000",
            "grossProfit": "8043000000",
            "ebit": "3452000000",
            "netIncome": "1591000000",
            "researchAndDevelopment": "1433000000",
            "effectOfAccountingCharges": "None",
            "incomeBeforeTax": "1883000000",
            "minorityInterest": "126000000",
            "sellingGeneralAdministrative": "4573000000",
            "otherNonOperatingIncome": "73000000",
            "operatingIncome": "2020000000",
            "otherOperatingExpense": "-101000000",
            "interestExpense": "210000000",
            "taxProvision": "289000000",
            "interestIncome": "70000000",
            "netInterestIncome": "-140000000",
            "extraordinaryItems": "-143000000",
            "nonRecurring": "None",
            "otherItems": "None",
            "incomeTaxExpense": "289000000",
            "totalOtherIncomeExpense": "-19000000",
            "discontinuedOperations": "-2000000",
            "netIncomeFromContinuingOperations": "1594000000",
            "netIncomeApplicableToCommonShares": "1591000000",
            "preferredStockAndOtherAdjustments": "None"
        },
        {
            "fiscalDateEnding": "2018-12-31",
            "reportedCurrency": "USD",
            "totalRevenue": "21760000000",
            "totalOperatingExpense": "5875000000",
            "costOfRevenue": "11073000000",
            "grossProfit": "10687000000",
            "ebit": "5645000000",
            "netIncome": "1951000000",
            "researchAndDevelopment": "1358000000",
            "effectOfAccountingCharges": "0",
            "incomeBeforeTax": "4434000000",
            "minorityInterest": "134000000",
            "sellingGeneralAdministrative": "4583000000",
            "otherNonOperatingIncome": "-184000000",
            "operatingIncome": "4812000000",
            "otherOperatingExpense": "-168000000",
            "interestExpense": "194000000",
            "taxProvision": "None",
            "interestIncome": "None",
            "netInterestIncome": "None",
            "extraordinaryItems": "-1946000000",
            "nonRecurring": "0",
            "otherItems": "0",
            "incomeTaxExpense": "2482000000",
            "totalOtherIncomeExpense": "5000000",
            "discontinuedOperations": "-2000000",
            "netIncomeFromContinuingOperations": "1952000000",
            "netIncomeApplicableToCommonShares": "1951000000",
            "preferredStockAndOtherAdjustments": "None"
        },
        {
            "fiscalDateEnding": "2018-09-30",
            "reportedCurrency": "USD",
            "totalRevenue": "18755000000",
            "totalOperatingExpense": "5340000000",
            "costOfRevenue": "9953000000",
            "grossProfit": "8803000000",
            "ebit": "4308000000",
            "netIncome": "2694000000",
            "researchAndDevelopment": "1252000000",
            "effectOfAccountingCharges": "0",
            "incomeBeforeTax": "2996000000",
            "minorityInterest": "134000000",
            "sellingGeneralAdministrative": "4249000000",
            "otherNonOperatingIncome": "-275000000",
            "operatingIncome": "3463000000",
            "otherOperatingExpense": "-267000000",
            "interestExpense": "191000000",
            "taxProvision": "None",
            "interestIncome": "None",
            "netInterestIncome": "None",
            "extraordinaryItems": "0",
            "nonRecurring": "0",
            "otherItems": "0",
            "incomeTaxExpense": "304000000",
            "totalOtherIncomeExpense": "-99000000",
            "discontinuedOperations": "2000000",
            "netIncomeFromContinuingOperations": "2692000000",
            "netIncomeApplicableToCommonShares": "2694000000",
            "preferredStockAndOtherAdjustments": "None"
        },
        {
            "fiscalDateEnding": "2018-06-30",
            "reportedCurrency": "USD",
            "totalRevenue": "20003000000",
            "totalOperatingExpense": "5971000000",
            "costOfRevenue": "10804000000",
            "grossProfit": "9199000000",
            "ebit": "4067000000",
            "netIncome": "2404000000",
            "researchAndDevelopment": "1364000000",
            "effectOfAccountingCharges": "0",
            "incomeBeforeTax": "2776000000",
            "minorityInterest": "128000000",
            "sellingGeneralAdministrative": "4708000000",
            "otherNonOperatingIncome": "-280000000",
            "operatingIncome": "3228000000",
            "otherOperatingExpense": "-246000000",
            "interestExpense": "173000000",
            "taxProvision": "None",
            "interestIncome": "None",
            "netInterestIncome": "None",
            "extraordinaryItems": "0",
            "nonRecurring": "0",
            "otherItems": "0",
            "incomeTaxExpense": "373000000",
            "totalOtherIncomeExpense": "-472000000",
            "discontinuedOperations": "1000000",
            "netIncomeFromContinuingOperations": "2403000000",
            "netIncomeApplicableToCommonShares": "2404000000",
            "preferredStockAndOtherAdjustments": "None"
        },
        {
            "fiscalDateEnding": "2018-03-31",
            "reportedCurrency": "USD",
            "totalRevenue": "19071000000",
            "totalOperatingExpense": "6533000000",
            "costOfRevenue": "10825000000",
            "grossProfit": "8247000000",
            "ebit": "1301000000",
            "netIncome": "1679000000",
            "researchAndDevelopment": "1405000000",
            "effectOfAccountingCharges": "0",
            "incomeBeforeTax": "1136000000",
            "minorityInterest": "124000000",
            "sellingGeneralAdministrative": "5322000000",
            "otherNonOperatingIncome": "-413000000",
            "operatingIncome": "1714000000",
            "otherOperatingExpense": "-317000000",
            "interestExpense": "165000000",
            "taxProvision": "None",
            "interestIncome": "None",
            "netInterestIncome": "None",
            "extraordinaryItems": "0",
            "nonRecurring": "0",
            "otherItems": "0",
            "incomeTaxExpense": "-540000000",
            "totalOtherIncomeExpense": "-1118000000",
            "discontinuedOperations": "4000000",
            "netIncomeFromContinuingOperations": "1676000000",
            "netIncomeApplicableToCommonShares": "1679000000",
            "preferredStockAndOtherAdjustments": "None"
        },
        {
            "fiscalDateEnding": "2017-12-31",
            "reportedCurrency": "USD",
            "totalRevenue": "22543000000",
            "totalOperatingExpense": "6227000000",
            "costOfRevenue": "11682000000",
            "grossProfit": "10862000000",
            "ebit": "5834000000",
            "netIncome": "-1054000000",
            "researchAndDevelopment": "1428000000",
            "effectOfAccountingCharges": "0",
            "incomeBeforeTax": "4468000000",
            "minorityInterest": "13000000",
            "sellingGeneralAdministrative": "5017000000",
            "otherNonOperatingIncome": "-2000000",
            "operatingIncome": "4634000000",
            "otherOperatingExpense": "-910000000",
            "interestExpense": "165000000",
            "taxProvision": "None",
            "interestIncome": "None",
            "netInterestIncome": "None",
            "extraordinaryItems": "0",
            "nonRecurring": "0",
            "otherItems": "0",
            "incomeTaxExpense": "5521000000",
            "totalOtherIncomeExpense": "-498000000",
            "discontinuedOperations": "2000000",
            "netIncomeFromContinuingOperations": "-1053000000",
            "netIncomeApplicableToCommonShares": "-1054000000",
            "preferredStockAndOtherAdjustments": "None"
        },
        {
            "fiscalDateEnding": "2017-09-30",
            "reportedCurrency": "USD",
            "totalRevenue": "19153000000",
            "totalOperatingExpense": "5682000000",
            "costOfRevenue": "10353000000",
            "grossProfit": "8800000000",
            "ebit": "4418000000",
            "netIncome": "2726000000",
            "researchAndDevelopment": "1342000000",
            "effectOfAccountingCharges": "0",
            "incomeBeforeTax": "3065000000",
            "minorityInterest": "356000000",
            "sellingGeneralAdministrative": "4515000000",
            "otherNonOperatingIncome": "114000000",
            "operatingIncome": "3118000000",
            "otherOperatingExpense": "-1502000000",
            "interestExpense": "168000000",
            "taxProvision": "None",
            "interestIncome": "None",
            "netInterestIncome": "None",
            "extraordinaryItems": "0",
            "nonRecurring": "0",
            "otherItems": "0",
            "incomeTaxExpense": "339000000",
            "totalOtherIncomeExpense": "0",
            "discontinuedOperations": "-15000000",
            "netIncomeFromContinuingOperations": "2726000000",
            "netIncomeApplicableToCommonShares": "2726000000",
            "preferredStockAndOtherAdjustments": "None"
        },
        {
            "fiscalDateEnding": "2017-06-30",
            "reportedCurrency": "USD",
            "totalRevenue": "19289000000",
            "totalOperatingExpense": "6279000000",
            "costOfRevenue": "10495000000",
            "grossProfit": "8794000000",
            "ebit": "3708000000",
            "netIncome": "2331000000",
            "researchAndDevelopment": "1484000000",
            "effectOfAccountingCharges": "0",
            "incomeBeforeTax": "2443000000",
            "minorityInterest": "-359000000",
            "sellingGeneralAdministrative": "5015000000",
            "otherNonOperatingIncome": "76000000",
            "operatingIncome": "2515000000",
            "otherOperatingExpense": "1411000000",
            "interestExpense": "147000000",
            "taxProvision": "None",
            "interestIncome": "None",
            "netInterestIncome": "None",
            "extraordinaryItems": "0",
            "nonRecurring": "0",
            "otherItems": "0",
            "incomeTaxExpense": "111000000",
            "totalOtherIncomeExpense": "0",
            "discontinuedOperations": "11000000",
            "netIncomeFromContinuingOperations": "2332000000",
            "netIncomeApplicableToCommonShares": "2331000000",
            "preferredStockAndOtherAdjustments": "None"
        },
        {
            "fiscalDateEnding": "2017-03-31",
            "reportedCurrency": "USD",
            "totalRevenue": "18155000000",
            "totalOperatingExpense": "6240000000",
            "costOfRevenue": "10383000000",
            "grossProfit": "7772000000",
            "ebit": "2695000000",
            "netIncome": "1750000000",
            "researchAndDevelopment": "1533000000",
            "effectOfAccountingCharges": "0",
            "incomeBeforeTax": "1424000000",
            "minorityInterest": "121000000",
            "sellingGeneralAdministrative": "5006000000",
            "otherNonOperatingIncome": "28000000",
            "operatingIncome": "1532000000",
            "otherOperatingExpense": "-444000000",
            "interestExpense": "135000000",
            "taxProvision": "None",
            "interestIncome": "None",
            "netInterestIncome": "None",
            "extraordinaryItems": "0",
            "nonRecurring": "0",
            "otherItems": "0",
            "incomeTaxExpense": "-329000000",
            "totalOtherIncomeExpense": "0",
            "discontinuedOperations": "-3000000",
            "netIncomeFromContinuingOperations": "1753000000",
            "netIncomeApplicableToCommonShares": "1750000000",
            "preferredStockAndOtherAdjustments": "None"
        },
        {
            "fiscalDateEnding": "2016-12-31",
            "reportedCurrency": "USD",
            "totalRevenue": "21771000000",
            "totalOperatingExpense": "5886000000",
            "costOfRevenue": "10877000000",
            "grossProfit": "10893000000",
            "ebit": "5144000000",
            "netIncome": "4501000000",
            "researchAndDevelopment": "1431000000",
            "effectOfAccountingCharges": "0",
            "incomeBeforeTax": "4984000000",
            "minorityInterest": "465000000",
            "sellingGeneralAdministrative": "4455000000",
            "otherNonOperatingIncome": "137000000",
            "operatingIncome": "5007000000",
            "otherOperatingExpense": "-1604000000",
            "interestExpense": "158000000",
            "taxProvision": "None",
            "interestIncome": "None",
            "netInterestIncome": "None",
            "extraordinaryItems": "0",
            "nonRecurring": "0",
            "otherItems": "0",
            "incomeTaxExpense": "479000000",
            "totalOtherIncomeExpense": "-1840000000",
            "discontinuedOperations": "-5000000",
            "netIncomeFromContinuingOperations": "4506000000",
            "netIncomeApplicableToCommonShares": "4501000000",
            "preferredStockAndOtherAdjustments": "None"
        },
        {
            "fiscalDateEnding": "2016-09-30",
            "reportedCurrency": "USD",
            "totalRevenue": "19226000000",
            "totalOperatingExpense": "5601000000",
            "costOfRevenue": "10213000000",
            "grossProfit": "9013000000",
            "ebit": "3420000000",
            "netIncome": "2853000000",
            "researchAndDevelopment": "1397000000",
            "effectOfAccountingCharges": "0",
            "incomeBeforeTax": "3263000000",
            "minorityInterest": "-475000000",
            "sellingGeneralAdministrative": "4204000000",
            "otherNonOperatingIncome": "8000000",
            "operatingIncome": "3412000000",
            "otherOperatingExpense": "0",
            "interestExpense": "158000000",
            "taxProvision": "None",
            "interestIncome": "None",
            "netInterestIncome": "None",
            "extraordinaryItems": "0",
            "nonRecurring": "0",
            "otherItems": "0",
            "incomeTaxExpense": "409000000",
            "totalOtherIncomeExpense": "0",
            "discontinuedOperations": "-1000000",
            "netIncomeFromContinuingOperations": "2854000000",
            "netIncomeApplicableToCommonShares": "2853000000",
            "preferredStockAndOtherAdjustments": "None"
        },
        {
            "fiscalDateEnding": "2016-06-30",
            "reportedCurrency": "USD",
            "totalRevenue": "20238000000",
            "totalOperatingExpense": "6449000000",
            "costOfRevenue": "10536000000",
            "grossProfit": "9702000000",
            "ebit": "3216000000",
            "netIncome": "2505000000",
            "researchAndDevelopment": "1465000000",
            "effectOfAccountingCharges": "0",
            "incomeBeforeTax": "3049000000",
            "minorityInterest": "156000000",
            "sellingGeneralAdministrative": "4984000000",
            "otherNonOperatingIncome": "-37000000",
            "operatingIncome": "3253000000",
            "otherOperatingExpense": "0",
            "interestExpense": "167000000",
            "taxProvision": "None",
            "interestIncome": "None",
            "netInterestIncome": "None",
            "extraordinaryItems": "0",
            "nonRecurring": "0",
            "otherItems": "0",
            "incomeTaxExpense": "544000000",
            "totalOtherIncomeExpense": "0",
            "discontinuedOperations": "-1000000",
            "netIncomeFromContinuingOperations": "2505000000",
            "netIncomeApplicableToCommonShares": "2505000000",
            "preferredStockAndOtherAdjustments": "None"
        },
        {
            "fiscalDateEnding": "2016-03-31",
            "reportedCurrency": "USD",
            "totalRevenue": "18684000000",
            "totalOperatingExpense": "7253000000",
            "costOfRevenue": "9999000000",
            "grossProfit": "8686000000",
            "ebit": "1180000000",
            "netIncome": "2013000000",
            "researchAndDevelopment": "1458000000",
            "effectOfAccountingCharges": "0",
            "incomeBeforeTax": "1034000000",
            "minorityInterest": "0",
            "sellingGeneralAdministrative": "5795000000",
            "otherNonOperatingIncome": "-253000000",
            "operatingIncome": "1433000000",
            "otherOperatingExpense": "0",
            "interestExpense": "147000000",
            "taxProvision": "None",
            "interestIncome": "None",
            "netInterestIncome": "None",
            "extraordinaryItems": "0",
            "nonRecurring": "0",
            "otherItems": "0",
            "incomeTaxExpense": "-983000000",
            "totalOtherIncomeExpense": "0",
            "discontinuedOperations": "-3000000",
            "netIncomeFromContinuingOperations": "2016000000",
            "netIncomeApplicableToCommonShares": "2013000000",
            "preferredStockAndOtherAdjustments": "None"
        },
        {
            "fiscalDateEnding": "2015-12-31",
            "reportedCurrency": "USD",
            "totalRevenue": "22058000000",
            "totalOperatingExpense": "6327000000",
            "costOfRevenue": "10652000000",
            "grossProfit": "11406000000",
            "ebit": "5226000000",
            "netIncome": "4464000000",
            "researchAndDevelopment": "1362000000",
            "effectOfAccountingCharges": "0",
            "incomeBeforeTax": "5099000000",
            "minorityInterest": "162000000",
            "sellingGeneralAdministrative": "4965000000",
            "otherNonOperatingIncome": "147000000",
            "operatingIncome": "5079000000",
            "otherOperatingExpense": "-669000000",
            "interestExpense": "128000000",
            "taxProvision": "None",
            "interestIncome": "None",
            "netInterestIncome": "None",
            "extraordinaryItems": "0",
            "nonRecurring": "0",
            "otherItems": "0",
            "incomeTaxExpense": "639000000",
            "totalOtherIncomeExpense": "-572000000",
            "discontinuedOperations": "3000000",
            "netIncomeFromContinuingOperations": "4461000000",
            "netIncomeApplicableToCommonShares": "4464000000",
            "preferredStockAndOtherAdjustments": "None"
        }
    ]
}